<collection xmlns="http://www.loc.gov/MARC21/slim">
<record>
  <leader>01072nam0a22002171i 450 </leader>
  <controlfield tag="001">IT\ICCU\CNCE\067802</controlfield>
  <controlfield tag="005">20060926000000.0</controlfield>
  <datafield tag="012" ind1=" " ind2=" ">
    <subfield code="a">e.e. e-sa res. a-oe (C) 1588 (R)</subfield>
    <subfield code="2">fei</subfield>
  </datafield>
  <datafield tag="100" ind1=" " ind2=" ">
    <subfield code="a">20060907d1588        0itac0103    ba</subfield>
  </datafield>
  <datafield tag="101" ind1=" " ind2=" ">
    <subfield code="a">ITA</subfield>
  </datafield>
  <datafield tag="102" ind1=" " ind2=" ">
    <subfield code="a">IT</subfield>
  </datafield>
  <datafield tag="200" ind1="1" ind2=" ">
    <subfield code="a">Ispositione volgare dell&apos;oratione latina in proposito della presente lega ... tra l&apos;inuitissimo re Filippo, &amp; gli ... Suizzeri, a difesa di questo stato. Con la relatione di tutto quel, ch&apos;e&apos; occorso in questa venuta ...</subfield>
  </datafield>
  <datafield tag="210" ind1=" " ind2=" ">
    <subfield code="a">In Milano</subfield>
    <subfield code="c">per gli heredi di Pietro Tini</subfield>
    <subfield code="d">1588</subfield>
  </datafield>
  <datafield tag="215" ind1=" " ind2=" ">
    <subfield code="a">\8! c.</subfield>
    <subfield code="d">4o</subfield>
  </datafield>
  <datafield tag="300" ind1=" " ind2=" ">
    <subfield code="a">Annullata!! E&apos; la 49518.Cfr.: EDIT16. -  Cors. ; rom. -  Segn.: \A!-B4. -  Iniziali xil. -  Stemma sul front</subfield>
  </datafield>
  <datafield tag="700" ind1=" " ind2="1">
    <subfield code="a">Visconti,</subfield>
    <subfield code="b">Tiburzio</subfield>
    <subfield code="3">IT\ICCU\CNCA\015653</subfield>
  </datafield>
  <datafield tag="712" ind1="0" ind2="0">
    <subfield code="a">Tini, Pietro - eredi</subfield>
    <subfield code="3">IT\ICCU\CNCT\001977</subfield>
    <subfield code="4">650</subfield>
  </datafield>
  <datafield tag="790" ind1=" " ind2="1">
    <subfield code="a">Visconte,</subfield>
    <subfield code="b">Tiburtio</subfield>
    <subfield code="3">IT\ICCU\CNCA\025401</subfield>
    <subfield code="z">Visconti, Tiburzio</subfield>
  </datafield>
  <datafield tag="790" ind1=" " ind2="1">
    <subfield code="a">Vicecomes,</subfield>
    <subfield code="b">Tiburtius</subfield>
    <subfield code="3">IT\ICCU\CNCA\025402</subfield>
    <subfield code="z">Visconti, Tiburzio</subfield>
  </datafield>
  <datafield tag="801" ind1=" " ind2="3">
    <subfield code="a">IT</subfield>
    <subfield code="b">ICCU</subfield>
    <subfield code="c">20201115</subfield>
  </datafield>
  <datafield tag="899" ind1=" " ind2=" ">
    <subfield code="a">Biblioteca universitaria Alessandrina. Roma</subfield>
    <subfield code="1">RM0280</subfield>
    <subfield code="2">RML 01</subfield>
  </datafield>
</record>
</collection>
